<record><leader>00000cas a2200000 a 4500</leader><controlfield tag="001">27341237</controlfield><controlfield tag="008">930128d19231967cauwr ne      0    0eng c</controlfield><datafield ind1=" " ind2=" " tag="010"><subfield code="a">sn 93051440 </subfield></datafield><datafield ind1=" " ind2=" " tag="040"><subfield code="a">CUY</subfield><subfield code="b">eng</subfield><subfield code="c">CNK</subfield><subfield code="d">OCLCQ</subfield><subfield code="d">OCLCF</subfield><subfield code="d">OCLCO</subfield></datafield><datafield ind1="1" ind2=" " tag="029"><subfield code="a">AU@</subfield><subfield code="b">000020132509</subfield></datafield><datafield ind1=" " ind2=" " tag="042"><subfield code="a">pcc</subfield></datafield><datafield ind1=" " ind2=" " tag="043"><subfield code="a">n-us-ca</subfield></datafield><datafield ind1="0" ind2=" " tag="130"><subfield code="a">Free press (Riverdale, Calif.)</subfield></datafield><datafield ind1="1" ind2="4" tag="245"><subfield code="a">The free press.</subfield></datafield><datafield ind1="1" ind2="7" tag="246"><subfield code="a">Riverdale free press</subfield><subfield code="f">Aug. 11, 1932-Feb. 1, 1935</subfield></datafield><datafield ind1=" " ind2=" " tag="260"><subfield code="a">Riverdale, Calif. :</subfield><subfield code="b">F.I. Drexel</subfield></datafield><datafield ind1=" " ind2=" " tag="300"><subfield code="a">v.</subfield></datafield><datafield ind1=" " ind2=" " tag="310"><subfield code="a">Weekly</subfield></datafield><datafield ind1="0" ind2=" " tag="362"><subfield code="a">Vol. 9, no. 16 (May 24, 1923)-v. 51, no. 27 (Feb. 27, 1967).</subfield></datafield><datafield ind1=" " ind2="0" tag="651"><subfield code="a">Riverdale (Calif.)</subfield><subfield code="v">Newspapers.</subfield></datafield><datafield ind1=" " ind2="7" tag="655"><subfield code="a">Newspapers.</subfield><subfield code="2">fast</subfield><subfield code="0">(OCoLC)fst01423814</subfield></datafield><datafield ind1=" " ind2="7" tag="651"><subfield code="a">California</subfield><subfield code="z">Riverdale.</subfield><subfield code="2">fast</subfield><subfield code="0">(OCoLC)fst01268628</subfield></datafield><datafield ind1=" " ind2=" " tag="752"><subfield code="a">United States</subfield><subfield code="b">California</subfield><subfield code="c">Fresno</subfield><subfield code="d">Riverdale.</subfield></datafield><datafield ind1="0" ind2="0" tag="780"><subfield code="t">Riverdale free press (Riverdale, Calif. : 1921)</subfield><subfield code="w">(DLC)sn 99060595</subfield></datafield><datafield ind1="0" ind2="0" tag="785"><subfield code="t">Riverdale press (Riverdale, Calif.)</subfield><subfield code="w">(DLC)sn 99060596</subfield></datafield></record>